@book{womak:lean-thinking,
    author  = {Gamma, Helm, Johnson},% Vlissides},
    title   = {Design Patterns},
    publisher = {Pearson, Inc.},
    year    = {2015}
}

@online{site:agile-manifesto,
    title   = {Manifesto Agile},
    url     = {http://agilemanifesto.org/iso/it/}
}

@online{site:wikipedia,
    title   = {Wikipedia},
    url     = {https://it.wikipedia.org/}
}

@online{site:azzurrodigitale,
    title   = {AzzurroDigitale},
    url     = {https://www.azzurrodigitale.com/}
}

@online{site:tcpdf,
    title   = {TCPDF},
    url     = {https://tcpdf.org/}
}

@online{site:phpspreadsheet,
    title   = {PHPSpreadsheet},
    url     = {https://phpspreadsheet.readthedocs.io/en/latest/}
}

@online{site:medium,
    title   = {What is Digital Transformation, Digitalization, and Digitization},
    url     = {https://medium.com/api-product-management/what-is-digital-transformation-digitalization-and-digitization-c76277ffbdd6}
}

@online{site:scrum,
    title   = {Scrum},
    url     = {https://www.scrum.org}
}

@online{site:hackernoon,
    title   = {SAAS (Software as a Service) Platform Architecture},
    url     = {https://hackernoon.com/saas-software-as-a-service-platform-architecture-757a432270f5}
}

@online{site:agileway,
    title   = {Test Driven Development (TDD)},
    url     = {https://www.agileway.it/test-driven-development-tdd/}
}

@online{site:medium,
    title   = {Introduction to Monolithic Architecture and MicroServices Architecture},
    url     = {https://medium.com/koderlabs/introduction-to-monolithic-architecture-and-microservices-architecture-b211a5955c63}
}

@online{site:cakephp,
    title   = {CakePHP},
    url     = {https://cakephp.org/}
}

@online{site:angular,
    title   = {Angular.io},
    url     = {https://angular.io/}
}

@online{site:aws,
    title   = {Redis},
    url     = {https://aws.amazon.com/it/redis/}
}

@online{site:medium,
    title   = {Good Code vs Bad Code},
    url     = {https://medium.com/better-programming/good-code-vs-bad-code-35624b4e91bc}
}